@String(PAMI = {IEEE Trans. Pattern Anal. Mach. Intell.})
@String(IJCV = {Int. J. Comput. Vis.})
@String(CVPR= {IEEE Conf. Comput. Vis. Pattern Recog.})
@String(ICCV= {Int. Conf. Comput. Vis.})
@String(ECCV= {Eur. Conf. Comput. Vis.})
@String(NIPS= {Adv. Neural Inform. Process. Syst.})
@String(ICPR = {Int. Conf. Pattern Recog.})
@String(BMVC= {Brit. Mach. Vis. Conf.})
@String(TOG= {ACM Trans. Graph.})
@String(TIP  = {IEEE Trans. Image Process.})
@String(TVCG  = {IEEE Trans. Vis. Comput. Graph.})
@String(TMM  = {IEEE Trans. Multimedia})
@String(ACMMM= {ACM Int. Conf. Multimedia})
@String(ICME = {Int. Conf. Multimedia and Expo})
@String(ICASSP=	{ICASSP})
@String(ICIP = {IEEE Int. Conf. Image Process.})
@String(ACCV  = {ACCV})
@String(ICLR = {Int. Conf. Learn. Represent.})
@String(IJCAI = {IJCAI})
@String(PR   = {Pattern Recognition})
@String(AAAI = {AAAI})
@String(CVPRW= {IEEE Conf. Comput. Vis. Pattern Recog. Worksh.})
@String(CSVT = {IEEE Trans. Circuit Syst. Video Technol.})

@String(SPL	= {IEEE Sign. Process. Letters})
@String(VR   = {Vis. Res.})
@String(JOV	 = {J. Vis.})
@String(TVC  = {The Vis. Comput.})
@String(JCST  = {J. Comput. Sci. Tech.})
@String(CGF  = {Comput. Graph. Forum})
@String(CVM = {Computational Visual Media})


@String(PAMI  = {IEEE TPAMI})
@String(IJCV  = {IJCV})
@String(CVPR  = {CVPR})
@String(ICCV  = {ICCV})
@String(ECCV  = {ECCV})
@String(NIPS  = {NeurIPS})
@String(ICPR  = {ICPR})
@String(BMVC  =	{BMVC})
@String(TOG   = {ACM TOG})
@String(TIP   = {IEEE TIP})
@String(TVCG  = {IEEE TVCG})
@String(TCSVT = {IEEE TCSVT})
@String(TMM   =	{IEEE TMM})
@String(ACMMM = {ACM MM})
@String(ICME  =	{ICME})
@String(ICASSP=	{ICASSP})
@String(ICIP  = {ICIP})
@String(ACCV  = {ACCV})
@String(ICLR  = {ICLR})
@String(IJCAI = {IJCAI})
@String(PR = {PR})
@String(AAAI = {AAAI})
@String(CVPRW= {CVPRW})
@String(CSVT = {IEEE TCSVT})



@inproceedings{potion,
	author = {Choutas, Vasileios and Weinzaepfel, Philippe and Revaud, Jerome and Schmid, Cordelia},
	year = {2018},
	month = {06},
	pages = {7024-7033},
	title = {PoTion: Pose MoTion Representation for Action Recognition},
	doi = {10.1109/CVPR.2018.00734}
}

@INPROCEEDINGS{PA3D,
	author={Yan, An and Wang, Yali and Li, Zhifeng and Qiao, Yu},
	booktitle={2019 IEEE/CVF Conference on Computer Vision and Pattern Recognition (CVPR)}, 
	title={PA3D: Pose-Action 3D Machine for Video Recognition}, 
	year={2019},
	volume={},
	number={},
	pages={7914-7923},
	doi={10.1109/CVPR.2019.00811}}

@INPROCEEDINGS{simple_yet_efficient,
	author={Ludl, Dennis and Gulde, Thomas and Curio, Crist√≥bal},
	booktitle={2019 IEEE Intelligent Transportation Systems Conference (ITSC)},
	title={Simple yet efficient real-time pose-based action recognition},
	year={2019},
	volume={},
	number={},
	pages={581-588},
	doi={10.1109/ITSC.2019.8917128}
}