@inproceedings{potion,
author = {Choutas, Vasileios and Weinzaepfel, Philippe and Revaud, Jerome and Schmid, Cordelia},
year = {2018},
month = {06},
pages = {7024-7033},
title = {PoTion: Pose MoTion Representation for Action Recognition},
doi = {10.1109/CVPR.2018.00734}
}

@INPROCEEDINGS{PA3D,
  author={Yan, An and Wang, Yali and Li, Zhifeng and Qiao, Yu},
  booktitle={2019 IEEE/CVF Conference on Computer Vision and Pattern Recognition (CVPR)}, 

  title={PA3D: Pose-Action 3D Machine for Video Recognition}, 
  year={2019},
  volume={},
  number={},
  pages={7914-7923},
  doi={10.1109/CVPR.2019.00811}}
